@inproceedings{DBLP:conf/agents/BroersenDHHT01,
  author    = {Jan M. Broersen and
               Mehdi Dastani and
               Joris Hulstijn and
               Zhisheng Huang and
               Leendert W. N. van der Torre},
  editor    = {Elisabeth Andr{\'{e}} and
               Sandip Sen and
               Claude Frasson and
               J{\"{o}}rg P. M{\"{u}}ller},
  title     = {The {BOID} architecture: conflicts between beliefs, obligations, intentions
               and desires},
  booktitle = {Proceedings of the Fifth International Conference on Autonomous Agents,
               {AGENTS} 2001, Montreal, Canada, May 28 - June 1, 2001},
  pages     = {9--16},
  publisher = {{ACM}},
  year      = {2001},
  url       = {https://doi.org/10.1145/375735.375766},
  doi       = {10.1145/375735.375766},
  timestamp = {Tue, 06 Nov 2018 11:07:01 +0100},
  biburl    = {https://dblp.org/rec/conf/agents/BroersenDHHT01.bib},
  bibsource = {dblp computer science bibliography, https://dblp.org}
}
@inproceedings{DBLP:conf/maamaw/Rao96,
  author    = {Anand S. Rao},
  editor    = {Walter Van de Velde and
               John W. Perram},
  title     = {AgentSpeak(L): {BDI} Agents Speak Out in a Logical Computable Language},
  booktitle = {Agents Breaking Away, 7th European Workshop on Modelling Autonomous
               Agents in a Multi-Agent World, Eindhoven, The Netherlands, January
               22-25, 1996, Proceedings},
  series    = {Lecture Notes in Computer Science},
  volume    = {1038},
  pages     = {42--55},
  publisher = {Springer},
  year      = {1996},
  url       = {https://doi.org/10.1007/BFb0031845},
  doi       = {10.1007/BFb0031845},
  timestamp = {Tue, 14 May 2019 10:00:48 +0200},
  biburl    = {https://dblp.org/rec/conf/maamaw/Rao96.bib},
  bibsource = {dblp computer science bibliography, https://dblp.org}
}
@incollection{DBLP:books/sp/map2005/DastaniRM05,
  author    = {Mehdi Dastani and
               M. Birna van Riemsdijk and
               John{-}Jules Ch. Meyer},
  editor    = {Rafael H. Bordini and
               Mehdi Dastani and
               J{\"{u}}rgen Dix and
               Amal El Fallah Seghrouchni},
  title     = {Programming Multi-Agent Systems in 3APL},
  booktitle = {Multi-Agent Programming: Languages, Platforms and Applications},
  series    = {Multiagent Systems, Artificial Societies, and Simulated Organizations},
  volume    = {15},
  pages     = {39--67},
  publisher = {Springer},
  year      = {2005},
  timestamp = {Wed, 12 Aug 2020 21:55:15 +0200},
  biburl    = {https://dblp.org/rec/books/sp/map2005/DastaniRM05.bib},
  bibsource = {dblp computer science bibliography, https://dblp.org}
}
@article{DBLP:journals/aamas/Dastani08,
  author    = {Mehdi Dastani},
  title     = {2APL: a practical agent programming language},
  journal   = {Auton. Agents Multi Agent Syst.},
  volume    = {16},
  number    = {3},
  pages     = {214--248},
  year      = {2008},
  url       = {https://doi.org/10.1007/s10458-008-9036-y},
  doi       = {10.1007/s10458-008-9036-y},
  timestamp = {Fri, 13 Mar 2020 10:55:52 +0100},
  biburl    = {https://dblp.org/rec/journals/aamas/Dastani08.bib},
  bibsource = {dblp computer science bibliography, https://dblp.org}
}
@book{bordini2007programming,
  title={Programming multi-agent systems in AgentSpeak using Jason},
  author={Bordini, Rafael H and H{\"u}bner, Jomi Fred and Wooldridge, Michael},
  year={2007},
  publisher={John Wiley \& Sons}
}
@article{DBLP:journals/corr/ShamsVPV17,
  author    = {Zohreh Shams and
               Marina De Vos and
               Julian A. Padget and
               Wamberto Weber Vasconcelos},
  title     = {Practical Reasoning with Norms for Autonomous Software Agents (Full
               Edition)},
  journal   = {CoRR},
  volume    = {abs/1701.08306},
  year      = {2017},
  url       = {http://arxiv.org/abs/1701.08306},
  eprinttype = {arXiv},
  eprint    = {1701.08306},
  timestamp = {Wed, 13 Nov 2019 13:52:40 +0100},
  biburl    = {https://dblp.org/rec/journals/corr/ShamsVPV17.bib},
  bibsource = {dblp computer science bibliography, https://dblp.org}
}
@inproceedings{DBLP:conf/aaaiss/Wobcke07,
  author    = {Wayne Wobcke},
  title     = {Reasoning about {BDI} Agents from a Programming Languages Perspective},
  booktitle = {Intentions in Intelligent Systems, Papers from the 2007 {AAAI} Spring
               Symposium, Technical Report SS-07-03, Stanford, California, USA, March
               26-28, 2007},
  pages     = {48},
  publisher = {{AAAI}},
  year      = {2007},
  url       = {http://www.aaai.org/Library/Symposia/Spring/2007/ss07-03-011.php},
  timestamp = {Fri, 17 Feb 2012 14:34:17 +0100},
  biburl    = {https://dblp.org/rec/conf/aaaiss/Wobcke07.bib},
  bibsource = {dblp computer science bibliography, https://dblp.org}
}
@inproceedings{DBLP:conf/aaai/GeorgeffL87,
  author    = {Michael P. Georgeff and
               Amy L. Lansky},
  editor    = {Kenneth D. Forbus and
               Howard E. Shrobe},
  title     = {Reactive Reasoning and Planning},
  booktitle = {Proceedings of the 6th National Conference on Artificial Intelligence.
               Seattle, WA, USA, July 1987},
  pages     = {677--682},
  publisher = {Morgan Kaufmann},
  year      = {1987},
  url       = {http://www.aaai.org/Library/AAAI/1987/aaai87-121.php},
  timestamp = {Wed, 20 Jun 2018 08:08:33 +0200},
  biburl    = {https://dblp.org/rec/conf/aaai/GeorgeffL87.bib},
  bibsource = {dblp computer science bibliography, https://dblp.org}
}
@inproceedings{biernatzki2004agent,
  title={Agent technology used in power systems},
  author={Biernatzki, Ralf and Bitzer, Berthold and Zivanovic, Rastko and Els, Andries and Els, Stephan},
  booktitle={2004 IEEE Africon. 7th Africon Conference in Africa (IEEE Cat. No. 04CH37590)},
  volume={2},
  pages={705--710},
  year={2004},
  organization={IEEE}
}
@inproceedings{DBLP:conf/emas/Castle-GreenDL20,
  author    = {Simon Castle{-}Green and
               Alexi Dewfall and
               Brian Logan},
  editor    = {Cristina Baroglio and
               Jomi Fred H{\"{u}}bner and
               Michael Winikoff},
  title     = {The Intention Progression Competition},
  booktitle = {Engineering Multi-Agent Systems - 8th International Workshop, {EMAS}
               2020, Auckland, New Zealand, May 8-9, 2020, Revised Selected Papers},
  series    = {Lecture Notes in Computer Science},
  volume    = {12589},
  pages     = {144--151},
  publisher = {Springer},
  year      = {2020},
  url       = {https://doi.org/10.1007/978-3-030-66534-0\_10},
  doi       = {10.1007/978-3-030-66534-0\_10},
  timestamp = {Wed, 08 Dec 2021 09:19:05 +0100},
  biburl    = {https://dblp.org/rec/conf/emas/Castle-GreenDL20.bib},
  bibsource = {dblp computer science bibliography, https://dblp.org}
}
@phdthesis{yao2017robust,
  title={Robust execution of belief-desire-intention-based agent programs},
  author={Yao, Yuan},
  year={2017},
  school={University of Nottingham}
}
@article{DBLP:journals/tits/ChenC10,
  author    = {Bo Chen and
               Harry H. Cheng},
  title     = {A Review of the Applications of Agent Technology in Traffic and Transportation
               Systems},
  journal   = {{IEEE} Trans. Intell. Transp. Syst.},
  volume    = {11},
  number    = {2},
  pages     = {485--497},
  year      = {2010},
  url       = {https://doi.org/10.1109/TITS.2010.2048313},
  doi       = {10.1109/TITS.2010.2048313},
  timestamp = {Tue, 07 Mar 2023 15:39:47 +0100},
  biburl    = {https://dblp.org/rec/journals/tits/ChenC10.bib},
  bibsource = {dblp computer science bibliography, https://dblp.org}
}
@proceedings{DBLP:conf/atal/2000,
  editor    = {Cristiano Castelfranchi and
               Yves Lesp{\'{e}}rance},
  title     = {Intelligent Agents {VII.} Agent Theories Architectures and Languages,
               7th International Workshop, {ATAL} 2000, Boston, MA, USA, July 7-9,
               2000, Proceedings},
  series    = {Lecture Notes in Computer Science},
  volume    = {1986},
  publisher = {Springer},
  year      = {2001},
  url       = {https://doi.org/10.1007/3-540-44631-1},
  doi       = {10.1007/3-540-44631-1},
  isbn      = {3-540-42422-9},
  timestamp = {Tue, 14 May 2019 10:00:54 +0200},
  biburl    = {https://dblp.org/rec/conf/atal/2000.bib},
  bibsource = {dblp computer science bibliography, https://dblp.org}
}
@article{DBLP:journals/ker/WooldridgeJ95,
  author    = {Michael J. Wooldridge and
               Nicholas R. Jennings},
  title     = {Intelligent agents: theory and practice},
  journal   = {Knowl. Eng. Rev.},
  volume    = {10},
  number    = {2},
  pages     = {115--152},
  year      = {1995},
  url       = {https://doi.org/10.1017/S0269888900008122},
  doi       = {10.1017/S0269888900008122},
  timestamp = {Thu, 27 Aug 2020 13:20:01 +0200},
  biburl    = {https://dblp.org/rec/journals/ker/WooldridgeJ95.bib},
  bibsource = {dblp computer science bibliography, https://dblp.org}
}
@inproceedings{DBLP:conf/atal/GeorgeffPPTW98,
  author    = {Michael P. Georgeff and
               Barney Pell and
               Martha E. Pollack and
               Milind Tambe and
               Michael J. Wooldridge},
  editor    = {J{\"{o}}rg P. M{\"{u}}ller and
               Munindar P. Singh and
               Anand S. Rao},
  title     = {The Belief-Desire-Intention Model of Agency},
  booktitle = {Intelligent Agents V, Agent Theories, Architectures, and Languages,
               5th International Workshop, {ATAL} '98, Paris, France, July 4-7, 1998,
               Proceedings},
  series    = {Lecture Notes in Computer Science},
  volume    = {1555},
  pages     = {1--10},
  publisher = {Springer},
  year      = {1998},
  url       = {https://doi.org/10.1007/3-540-49057-4\_1},
  doi       = {10.1007/3-540-49057-4\_1},
  timestamp = {Tue, 29 Dec 2020 18:27:45 +0100},
  biburl    = {https://dblp.org/rec/conf/atal/GeorgeffPPTW98.bib},
  bibsource = {dblp computer science bibliography, https://dblp.org}
}
@article{bratman1987intention,
  title={Intention, plans, and practical reason},
  author={Bratman, Michael},
  year={1987}
}
@inproceedings{DBLP:conf/ijcai/KollingbaumN03,
  author    = {Martin J. Kollingbaum and
               Timothy J. Norman},
  editor    = {Georg Gottlob and
               Toby Walsh},
  title     = {NoA - {A} Normative Agent Architecture},
  booktitle = {IJCAI-03, Proceedings of the Eighteenth International Joint Conference
               on Artificial Intelligence, Acapulco, Mexico, August 9-15, 2003},
  pages     = {1465--1466},
  publisher = {Morgan Kaufmann},
  year      = {2003},
  url       = {http://ijcai.org/Proceedings/03/Papers/240.pdf},
  timestamp = {Tue, 20 Aug 2019 16:18:41 +0200},
  biburl    = {https://dblp.org/rec/conf/ijcai/KollingbaumN03.bib},
  bibsource = {dblp computer science bibliography, https://dblp.org}
}
@inproceedings{DBLP:conf/dalt/LeePLDA14,
  author    = {Jeehang Lee and
               Julian A. Padget and
               Brian Logan and
               Daniela Dybalova and
               Natasha Alechina},
  editor    = {Fabiano Dalpiaz and
               J{\"{u}}rgen Dix and
               M. Birna van Riemsdijk},
  title     = {N-Jason: Run-Time Norm Compliance in AgentSpeak(L)},
  booktitle = {Engineering Multi-Agent Systems - Second International Workshop, {EMAS}
               2014, Paris, France, May 5-6, 2014, Revised Selected Papers},
  series    = {Lecture Notes in Computer Science},
  volume    = {8758},
  pages     = {367--387},
  publisher = {Springer},
  year      = {2014},
  url       = {https://doi.org/10.1007/978-3-319-14484-9\_19},
  doi       = {10.1007/978-3-319-14484-9\_19},
  timestamp = {Mon, 03 Jan 2022 22:22:03 +0100},
  biburl    = {https://dblp.org/rec/conf/dalt/LeePLDA14.bib},
  bibsource = {dblp computer science bibliography, https://dblp.org}
}
@inproceedings{DBLP:conf/atal/LiMFL15,
  author    = {Jiaqi Li and
               Felipe Meneguzzi and
               Moser Silva Fagundes and
               Brian Logan},
  editor    = {Virginia Dignum and
               Pablo Noriega and
               Murat Sensoy and
               Jaime Sim{\~{a}}o Sichman},
  title     = {Reinforcement Learning of Normative Monitoring Intensities},
  booktitle = {Coordination, Organizations, Institutions, and Normes in Agent Systems
               {XI} - {COIN} 2015 International Workshops, COIN@AAMAS, Istanbul,
               Turkey, May 4, 2015, COIN@IJCAI, Buenos Aires, Argentina, July 26,
               2015, Revised Selected Papers},
  series    = {Lecture Notes in Computer Science},
  volume    = {9628},
  pages     = {209--223},
  publisher = {Springer},
  year      = {2015},
  url       = {https://doi.org/10.1007/978-3-319-42691-4\_12},
  doi       = {10.1007/978-3-319-42691-4\_12},
  timestamp = {Wed, 08 Dec 2021 09:19:06 +0100},
  biburl    = {https://dblp.org/rec/conf/atal/LiMFL15.bib},
  bibsource = {dblp computer science bibliography, https://dblp.org}
}
@inproceedings{DBLP:conf/atal/MeneguzziL09,
  author    = {Felipe Rech Meneguzzi and
               Michael Luck},
  editor    = {Carles Sierra and
               Cristiano Castelfranchi and
               Keith S. Decker and
               Jaime Sim{\~{a}}o Sichman},
  title     = {Norm-based behaviour modification in {BDI} agents},
  booktitle = {8th International Joint Conference on Autonomous Agents and Multiagent
               Systems {(AAMAS} 2009), Budapest, Hungary, May 10-15, 2009, Volume
               1},
  pages     = {177--184},
  publisher = {{IFAAMAS}},
  year      = {2009},
  url       = {https://dl.acm.org/citation.cfm?id=1558037},
  timestamp = {Fri, 30 Nov 2018 02:24:55 +0100},
  biburl    = {https://dblp.org/rec/conf/atal/MeneguzziL09.bib},
  bibsource = {dblp computer science bibliography, https://dblp.org}
}
@inproceedings{DBLP:conf/ecai/FagundesBO10,
  author    = {Moser Silva Fagundes and
               Holger Billhardt and
               Sascha Ossowski},
  editor    = {Helder Coelho and
               Rudi Studer and
               Michael J. Wooldridge},
  title     = {Reasoning about Norm Compliance with Rational Agents},
  booktitle = {{ECAI} 2010 - 19th European Conference on Artificial Intelligence,
               Lisbon, Portugal, August 16-20, 2010, Proceedings},
  series    = {Frontiers in Artificial Intelligence and Applications},
  volume    = {215},
  pages     = {1027--1028},
  publisher = {{IOS} Press},
  year      = {2010},
  url       = {https://doi.org/10.3233/978-1-60750-606-5-1027},
  doi       = {10.3233/978-1-60750-606-5-1027},
  timestamp = {Sat, 09 Apr 2022 12:45:23 +0200},
  biburl    = {https://dblp.org/rec/conf/ecai/FagundesBO10.bib},
  bibsource = {dblp computer science bibliography, https://dblp.org}
}
@inproceedings{DBLP:conf/mallow/CriadoANB10,
  author    = {Natalia Criado and
               Estefania Argente and
               Pablo Noriega and
               Vicente J. Botti},
  editor    = {Olivier Boissier and
               Amal El Fallah Seghrouchni and
               Salima Hassas and
               Nicolas Maudet},
  title     = {Towards a Normative {BDI} Architecture for Norm Compliance},
  booktitle = {Proceedings of The Multi-Agent Logics, Languages, and Organisations
               Federated Workshops {(MALLOW} 2010), Lyon, France, August 30 - September
               2, 2010},
  series    = {{CEUR} Workshop Proceedings},
  volume    = {627},
  publisher = {CEUR-WS.org},
  year      = {2010},
  url       = {http://ceur-ws.org/Vol-627/coin\_5.pdf},
  timestamp = {Wed, 12 Aug 2020 21:55:19 +0200},
  biburl    = {https://dblp.org/rec/conf/mallow/CriadoANB10.bib},
  bibsource = {dblp computer science bibliography, https://dblp.org}
}
@inproceedings{DBLP:conf/atal/CriadoAB10,
  author    = {Natalia Criado and
               Estefania Argente and
               Vicente J. Botti},
  editor    = {Wiebe van der Hoek and
               Gal A. Kaminka and
               Yves Lesp{\'{e}}rance and
               Michael Luck and
               Sandip Sen},
  title     = {A {BDI} architecture for normative decision making},
  booktitle = {9th International Conference on Autonomous Agents and Multiagent Systems
               {(AAMAS} 2010), Toronto, Canada, May 10-14, 2010, Volume 1-3},
  pages     = {1383--1384},
  publisher = {{IFAAMAS}},
  year      = {2010},
  url       = {https://dl.acm.org/citation.cfm?id=1838393},
  timestamp = {Fri, 30 Nov 2018 02:24:54 +0100},
  biburl    = {https://dblp.org/rec/conf/atal/CriadoAB10.bib},
  bibsource = {dblp computer science bibliography, https://dblp.org}
}
@inproceedings{DBLP:conf/atal/CriadoABN11,
  author    = {Natalia Criado and
               Estefania Argente and
               Vicente J. Botti and
               Pablo Noriega},
  editor    = {Liz Sonenberg and
               Peter Stone and
               Kagan Tumer and
               Pinar Yolum},
  title     = {Reasoning about norm compliance},
  booktitle = {10th International Conference on Autonomous Agents and Multiagent
               Systems {(AAMAS} 2011), Taipei, Taiwan, May 2-6, 2011, Volume 1-3},
  pages     = {1191--1192},
  publisher = {{IFAAMAS}},
  year      = {2011},
  url       = {http://portal.acm.org/citation.cfm?id=2034482\&CFID=69154334\&CFTOKEN=45298625},
  timestamp = {Fri, 18 Nov 2011 10:23:00 +0100},
  biburl    = {https://dblp.org/rec/conf/atal/CriadoABN11.bib},
  bibsource = {dblp computer science bibliography, https://dblp.org}
}
@inproceedings{DBLP:conf/ecai/FagundesBO10,
  author    = {Moser Silva Fagundes and
               Holger Billhardt and
               Sascha Ossowski},
  editor    = {Helder Coelho and
               Rudi Studer and
               Michael J. Wooldridge},
  title     = {Reasoning about Norm Compliance with Rational Agents},
  booktitle = {{ECAI} 2010 - 19th European Conference on Artificial Intelligence,
               Lisbon, Portugal, August 16-20, 2010, Proceedings},
  series    = {Frontiers in Artificial Intelligence and Applications},
  volume    = {215},
  pages     = {1027--1028},
  publisher = {{IOS} Press},
  year      = {2010},
  url       = {https://doi.org/10.3233/978-1-60750-606-5-1027},
  doi       = {10.3233/978-1-60750-606-5-1027},
  timestamp = {Sat, 09 Apr 2022 12:45:23 +0200},
  biburl    = {https://dblp.org/rec/conf/ecai/FagundesBO10.bib},
  bibsource = {dblp computer science bibliography, https://dblp.org}
}
@article{DBLP:journals/ai/CasaliGS11,
  author    = {Ana Casali and
               Llu{\'{\i}}s Godo and
               Carles Sierra},
  title     = {A graded {BDI} agent model to represent and reason about preferences},
  journal   = {Artif. Intell.},
  volume    = {175},
  number    = {7-8},
  pages     = {1468--1478},
  year      = {2011},
  url       = {https://doi.org/10.1016/j.artint.2010.12.006},
  doi       = {10.1016/j.artint.2010.12.006},
  timestamp = {Fri, 05 Jun 2020 11:50:47 +0200},
  biburl    = {https://dblp.org/rec/journals/ai/CasaliGS11.bib},
  bibsource = {dblp computer science bibliography, https://dblp.org}
}
@inproceedings{DBLP:conf/clima/OrenVML11,
  author    = {Nir Oren and
               Wamberto Weber Vasconcelos and
               Felipe Meneguzzi and
               Michael Luck},
  editor    = {Jo{\~{a}}o Leite and
               Paolo Torroni and
               Thomas {\AA}gotnes and
               Guido Boella and
               Leon van der Torre},
  title     = {Acting on Norm Constrained Plans},
  booktitle = {Computational Logic in Multi-Agent Systems - 12th International Workshop,
               {CLIMA} XII, Barcelona, Spain, July 17-18, 2011. Proceedings},
  series    = {Lecture Notes in Computer Science},
  volume    = {6814},
  pages     = {347--363},
  publisher = {Springer},
  year      = {2011},
  url       = {https://doi.org/10.1007/978-3-642-22359-4\_24},
  doi       = {10.1007/978-3-642-22359-4\_24},
  timestamp = {Fri, 07 Aug 2020 08:55:19 +0200},
  biburl    = {https://dblp.org/rec/conf/clima/OrenVML11.bib},
  bibsource = {dblp computer science bibliography, https://dblp.org}
}
@inproceedings{DBLP:conf/aamas/AlechinaDL12,
  author    = {Natasha Alechina and
               Mehdi Dastani and
               Brian Logan},
  editor    = {Wiebe van der Hoek and
               Lin Padgham and
               Vincent Conitzer and
               Michael Winikoff},
  title     = {Programming norm-aware agents},
  booktitle = {International Conference on Autonomous Agents and Multiagent Systems,
               {AAMAS} 2012, Valencia, Spain, June 4-8, 2012 {(3} Volumes)},
  pages     = {1057--1064},
  publisher = {{IFAAMAS}},
  year      = {2012},
  url       = {http://dl.acm.org/citation.cfm?id=2343848},
  timestamp = {Wed, 08 Dec 2021 09:19:07 +0100},
  biburl    = {https://dblp.org/rec/conf/aamas/AlechinaDL12.bib},
  bibsource = {dblp computer science bibliography, https://dblp.org}
}
@article{DBLP:journals/isci/CriadoANB13,
  author    = {Natalia Criado and
               Estefania Argente and
               Pablo Noriega and
               Vicente J. Botti},
  title     = {Human-inspired model for norm compliance decision making},
  journal   = {Inf. Sci.},
  volume    = {245},
  pages     = {218--239},
  year      = {2013},
  url       = {https://doi.org/10.1016/j.ins.2013.05.017},
  doi       = {10.1016/j.ins.2013.05.017},
  timestamp = {Thu, 14 Oct 2021 09:08:17 +0200},
  biburl    = {https://dblp.org/rec/journals/isci/CriadoANB13.bib},
  bibsource = {dblp computer science bibliography, https://dblp.org}
}
@inproceedings{DBLP:conf/eumas/VianaAL16,
  author    = {Marx L. Viana and
               Paulo S. C. Alencar and
               Carlos Lucena},
  editor    = {Natalia Criado Pacheco and
               Carlos Carrascosa and
               Nardine Osman and
               Vicente Juli{\'{a}}n Inglada},
  title     = {A Modeling Language for Adaptive Normative Agents},
  booktitle = {Multi-Agent Systems and Agreement Technologies - 14th European Conference,
               {EUMAS} 2016, and 4th International Conference, {AT} 2016, Valencia,
               Spain, December 15-16, 2016, Revised Selected Papers},
  series    = {Lecture Notes in Computer Science},
  volume    = {10207},
  pages     = {40--48},
  publisher = {Springer},
  year      = {2016},
  url       = {https://doi.org/10.1007/978-3-319-59294-7\_4},
  doi       = {10.1007/978-3-319-59294-7\_4},
  timestamp = {Thu, 08 Sep 2022 19:48:32 +0200},
  biburl    = {https://dblp.org/rec/conf/eumas/VianaAL16.bib},
  bibsource = {dblp computer science bibliography, https://dblp.org}
}
@inproceedings{DBLP:conf/atal/MeneguzziLF14,
  author    = {Felipe Meneguzzi and
               Brian Logan and
               Moser Silva Fagundes},
  editor    = {Ana L. C. Bazzan and
               Michael N. Huhns and
               Alessio Lomuscio and
               Paul Scerri},
  title     = {Norm monitoring with asymmetric information},
  booktitle = {International conference on Autonomous Agents and Multi-Agent Systems,
               {AAMAS} '14, Paris, France, May 5-9, 2014},
  pages     = {1523--1524},
  publisher = {{IFAAMAS/ACM}},
  year      = {2014},
  url       = {http://dl.acm.org/citation.cfm?id=2616043},
  timestamp = {Wed, 08 Dec 2021 09:19:06 +0100},
  biburl    = {https://dblp.org/rec/conf/atal/MeneguzziLF14.bib},
  bibsource = {dblp computer science bibliography, https://dblp.org}
}
@inproceedings{DBLP:conf/atal/AlrawagfehM14,
  author    = {Wagdi Alrawagfeh and
               Felipe Meneguzzi},
  editor    = {Aditya Ghose and
               Nir Oren and
               Pankaj R. Telang and
               John Thangarajah},
  title     = {Utilizing Permission Norms in {BDI} Practical Normative Reasoning},
  booktitle = {Coordination, Organizations, Institutions, and Norms in Agent Systems
               {X} - {COIN} 2014 International Workshops, COIN@AAMAS, Paris, France,
               May 6, 2014, COIN@PRICAI, Gold Coast, QLD, Australia, December 4,
               2014, Revised Selected Papers},
  series    = {Lecture Notes in Computer Science},
  volume    = {9372},
  pages     = {1--18},
  publisher = {Springer},
  year      = {2014},
  url       = {https://doi.org/10.1007/978-3-319-25420-3\_1},
  doi       = {10.1007/978-3-319-25420-3\_1},
  timestamp = {Mon, 16 Sep 2019 15:22:44 +0200},
  biburl    = {https://dblp.org/rec/conf/atal/AlrawagfehM14.bib},
  bibsource = {dblp computer science bibliography, https://dblp.org}
}
@inproceedings{DBLP:conf/atal/DastaniRM06,
  author    = {Mehdi Dastani and
               M. Birna van Riemsdijk and
               John{-}Jules Ch. Meyer},
  editor    = {Hideyuki Nakashima and
               Michael P. Wellman and
               Gerhard Weiss and
               Peter Stone},
  title     = {Goal types in agent programming},
  booktitle = {5th International Joint Conference on Autonomous Agents and Multiagent
               Systems {(AAMAS} 2006), Hakodate, Japan, May 8-12, 2006},
  pages     = {1285--1287},
  publisher = {{ACM}},
  year      = {2006},
  url       = {https://doi.org/10.1145/1160633.1160867},
  doi       = {10.1145/1160633.1160867},
  timestamp = {Tue, 08 Mar 2022 10:12:47 +0100},
  biburl    = {https://dblp.org/rec/conf/atal/DastaniRM06.bib},
  bibsource = {dblp computer science bibliography, https://dblp.org}
}
@article{DBLP:journals/eaai/MeneguzziROVL15,
  author    = {Felipe Meneguzzi and
               Odinaldo Rodrigues and
               Nir Oren and
               Wamberto Weber Vasconcelos and
               Michael Luck},
  title     = {{BDI} reasoning with normative considerations},
  journal   = {Eng. Appl. Artif. Intell.},
  volume    = {43},
  pages     = {127--146},
  year      = {2015},
  url       = {https://doi.org/10.1016/j.engappai.2015.04.011},
  doi       = {10.1016/j.engappai.2015.04.011},
  timestamp = {Fri, 09 Apr 2021 18:19:30 +0200},
  biburl    = {https://dblp.org/rec/journals/eaai/MeneguzziROVL15.bib},
  bibsource = {dblp computer science bibliography, https://dblp.org}
}
@inproceedings{DBLP:conf/atal/ShamsVPV15,
  author    = {Zohreh Shams and
               Marina De Vos and
               Julian A. Padget and
               Wamberto Weber Vasconcelos},
  editor    = {Virginia Dignum and
               Pablo Noriega and
               Murat Sensoy and
               Jaime Sim{\~{a}}o Sichman},
  title     = {Implementation of Normative Practical Reasoning with Durative Actions},
  booktitle = {Coordination, Organizations, Institutions, and Normes in Agent Systems
               {XI} - {COIN} 2015 International Workshops, COIN@AAMAS, Istanbul,
               Turkey, May 4, 2015, COIN@IJCAI, Buenos Aires, Argentina, July 26,
               2015, Revised Selected Papers},
  series    = {Lecture Notes in Computer Science},
  volume    = {9628},
  pages     = {335--353},
  publisher = {Springer},
  year      = {2015},
  url       = {https://doi.org/10.1007/978-3-319-42691-4\_19},
  doi       = {10.1007/978-3-319-42691-4\_19},
  timestamp = {Sat, 09 Apr 2022 12:33:58 +0200},
  biburl    = {https://dblp.org/rec/conf/atal/ShamsVPV15.bib},
  bibsource = {dblp computer science bibliography, https://dblp.org}
}
@inproceedings{DBLP:conf/ijcai/ShamsVOP16,
  author    = {Zohreh Shams and
               Marina De Vos and
               Nir Oren and
               Julian A. Padget},
  editor    = {Subbarao Kambhampati},
  title     = {Normative Practical Reasoning via Argumentation and Dialogue},
  booktitle = {Proceedings of the Twenty-Fifth International Joint Conference on
               Artificial Intelligence, {IJCAI} 2016, New York, NY, USA, 9-15 July
               2016},
  pages     = {1244--1250},
  publisher = {{IJCAI/AAAI} Press},
  year      = {2016},
  url       = {http://www.ijcai.org/Abstract/16/180},
  timestamp = {Wed, 13 Nov 2019 13:52:42 +0100},
  biburl    = {https://dblp.org/rec/conf/ijcai/ShamsVOP16.bib},
  bibsource = {dblp computer science bibliography, https://dblp.org}
}
@article{DBLP:journals/corr/ShamsVPV17,
  author    = {Zohreh Shams and
               Marina De Vos and
               Julian A. Padget and
               Wamberto Weber Vasconcelos},
  title     = {Practical Reasoning with Norms for Autonomous Software Agents (Full
               Edition)},
  journal   = {CoRR},
  volume    = {abs/1701.08306},
  year      = {2017},
  url       = {http://arxiv.org/abs/1701.08306},
  eprinttype = {arXiv},
  eprint    = {1701.08306},
  timestamp = {Wed, 13 Nov 2019 13:52:40 +0100},
  biburl    = {https://dblp.org/rec/journals/corr/ShamsVPV17.bib},
  bibsource = {dblp computer science bibliography, https://dblp.org}
}
@article{DBLP:journals/taas/ShamsVOP20,
  author    = {Zohreh Shams and
               Marina De Vos and
               Nir Oren and
               Julian A. Padget},
  title     = {Argumentation-Based Reasoning about Plans, Maintenance Goals, and
               Norms},
  journal   = {{ACM} Trans. Auton. Adapt. Syst.},
  volume    = {14},
  number    = {3},
  pages     = {9:1--9:39},
  year      = {2020},
  url       = {https://doi.org/10.1145/3364220},
  doi       = {10.1145/3364220},
  timestamp = {Sat, 09 Apr 2022 12:31:21 +0200},
  biburl    = {https://dblp.org/rec/journals/taas/ShamsVOP20.bib},
  bibsource = {dblp computer science bibliography, https://dblp.org}
}
@inproceedings{DBLP:conf/atal/Yao21,
  author    = {Yuan Yao and
               Natasha Alechina and
               Brian Logan and
               John Thangarajah},
  editor    = {Frank Dignum and
               Alessio Lomuscio and
               Ulle Endriss and
               Ann Now{\'{e}}},
  title     = {Intention Progression using Quantitative Summary Information},
  booktitle = {{AAMAS} '21: 20th International Conference on Autonomous Agents and
               Multiagent Systems, Virtual Event, United Kingdom, May 3-7, 2021},
  pages     = {1416--1424},
  publisher = {{ACM}},
  year      = {2021},
  url       = {https://www.ifaamas.org/Proceedings/aamas2021/pdfs/p1416.pdf},
  doi       = {10.5555/3463952.3464115},
  timestamp = {Wed, 20 Jul 2022 17:05:35 +0200},
  biburl    = {https://dblp.org/rec/conf/atal/0007ALT21.bib},
  bibsource = {dblp computer science bibliography, https://dblp.org}
} 
@phdthesis{DBLP:phd/ethos/Yao17,
  author    = {Yuan Yao},
  title     = {Robust execution of belief-desire-intention-based agent programs},
  school    = {University of Nottingham, {UK}},
  year      = {2017},
  url       = {https://ethos.bl.uk/OrderDetails.do?uin=uk.bl.ethos.728583},
  timestamp = {Tue, 05 Apr 2022 10:59:02 +0200},
  biburl    = {https://dblp.org/rec/phd/ethos/Yao17.bib},
  bibsource = {dblp computer science bibliography, https://dblp.org}
}
@article{DBLP:journals/jar/ThangarajahP11,
  author    = {John Thangarajah and
               Lin Padgham},
  title     = {Computationally Effective Reasoning About Goal Interactions},
  journal   = {J. Autom. Reason.},
  volume    = {47},
  number    = {1},
  pages     = {17--56},
  year      = {2011},
  url       = {https://doi.org/10.1007/s10817-010-9175-0},
  doi       = {10.1007/s10817-010-9175-0},
  timestamp = {Sat, 05 Sep 2020 17:51:29 +0200},
  biburl    = {https://dblp.org/rec/journals/jar/ThangarajahP11.bib},
  bibsource = {dblp computer science bibliography, https://dblp.org}
}
@inproceedings{DBLP:conf/atal/ThangarajahPW03,
  author    = {John Thangarajah and
               Lin Padgham and
               Michael Winikoff},
  title     = {Detecting {\&} exploiting positive goal interaction in intelligent
               agents},
  booktitle = {The Second International Joint Conference on Autonomous Agents {\&}
               Multiagent Systems, {AAMAS} 2003, July 14-18, 2003, Melbourne, Victoria,
               Australia, Proceedings},
  pages     = {401--408},
  publisher = {{ACM}},
  year      = {2003},
  url       = {https://doi.org/10.1145/860575.860640},
  doi       = {10.1145/860575.860640},
  timestamp = {Wed, 25 Sep 2019 18:02:22 +0200},
  biburl    = {https://dblp.org/rec/conf/atal/ThangarajahPW03.bib},
  bibsource = {dblp computer science bibliography, https://dblp.org}
}
@article{DBLP:journals/nature/SilverHMGSDSAPL16,
  author    = {David Silver and
               Aja Huang and
               Chris J. Maddison and
               Arthur Guez and
               Laurent Sifre and
               George van den Driessche and
               Julian Schrittwieser and
               Ioannis Antonoglou and
               Vedavyas Panneershelvam and
               Marc Lanctot and
               Sander Dieleman and
               Dominik Grewe and
               John Nham and
               Nal Kalchbrenner and
               Ilya Sutskever and
               Timothy P. Lillicrap and
               Madeleine Leach and
               Koray Kavukcuoglu and
               Thore Graepel and
               Demis Hassabis},
  title     = {Mastering the game of Go with deep neural networks and tree search},
  journal   = {Nat.},
  volume    = {529},
  number    = {7587},
  pages     = {484--489},
  year      = {2016},
  url       = {https://doi.org/10.1038/nature16961},
  doi       = {10.1038/nature16961},
  timestamp = {Mon, 27 Sep 2021 17:38:59 +0200},
  biburl    = {https://dblp.org/rec/journals/nature/SilverHMGSDSAPL16.bib},
  bibsource = {dblp computer science bibliography, https://dblp.org}
}
@inproceedings{DBLP:conf/ecml/KocsisS06,
  author    = {Levente Kocsis and
               Csaba Szepesv{\'{a}}ri},
  editor    = {Johannes F{\"{u}}rnkranz and
               Tobias Scheffer and
               Myra Spiliopoulou},
  title     = {Bandit Based Monte-Carlo Planning},
  booktitle = {Machine Learning: {ECML} 2006, 17th European Conference on Machine
               Learning, Berlin, Germany, September 18-22, 2006, Proceedings},
  series    = {Lecture Notes in Computer Science},
  volume    = {4212},
  pages     = {282--293},
  publisher = {Springer},
  year      = {2006},
  url       = {https://doi.org/10.1007/11871842\_29},
  doi       = {10.1007/11871842\_29},
  timestamp = {Tue, 14 May 2019 10:00:54 +0200},
  biburl    = {https://dblp.org/rec/conf/ecml/KocsisS06.bib},
  bibsource = {dblp computer science bibliography, https://dblp.org}
}
@inproceedings{chaslot2006monte,
  title={Monte-carlo strategies for computer go},
  author={Chaslot, Guillaume and Saito, Jahn-Takeshi and Bouzy, Bruno and Uiterwijk, JWHM and Van Den Herik, H Jaap},
  booktitle={Proceedings of the 18th BeNeLux Conference on Artificial Intelligence, Namur, Belgium},
  pages={83--91},
  year={2006}
}
@article{DBLP:journals/ml/AuerCF02,
  author    = {Peter Auer and
               Nicol{\`{o}} Cesa{-}Bianchi and
               Paul Fischer},
  title     = {Finite-time Analysis of the Multiarmed Bandit Problem},
  journal   = {Mach. Learn.},
  volume    = {47},
  number    = {2-3},
  pages     = {235--256},
  year      = {2002},
  url       = {https://doi.org/10.1023/A:1013689704352},
  doi       = {10.1023/A:1013689704352},
  timestamp = {Mon, 02 Mar 2020 16:28:55 +0100},
  biburl    = {https://dblp.org/rec/journals/ml/AuerCF02.bib},
  bibsource = {dblp computer science bibliography, https://dblp.org}
}
@inproceedings{DBLP:conf/atal/YaoSL16,
  author    = {Yuan Yao and
               Lavindra de Silva and
               Brian Logan},
  editor    = {Matteo Baldoni and
               J{\"{o}}rg P. M{\"{u}}ller and
               Ingrid Nunes and
               Rym Zalila{-}Wenkstern},
  title     = {Reasoning About the Executability of Goal-Plan Trees},
  booktitle = {Engineering Multi-Agent Systems - 4th International Workshop, {EMAS}
               2016, Singapore, Singapore, May 9-10, 2016, Revised, Selected, and
               Invited Papers},
  series    = {Lecture Notes in Computer Science},
  volume    = {10093},
  pages     = {176--191},
  publisher = {Springer},
  year      = {2016},
  url       = {https://doi.org/10.1007/978-3-319-50983-9\_10},
  doi       = {10.1007/978-3-319-50983-9\_10},
  timestamp = {Wed, 08 Dec 2021 09:19:06 +0100},
  biburl    = {https://dblp.org/rec/conf/atal/YaoSL16.bib},
  bibsource = {dblp computer science bibliography, https://dblp.org}
}
@inproceedings{DBLP:conf/ecai/ThangarajahWPF02,
  author    = {John Thangarajah and
               Michael Winikoff and
               Lin Padgham and
               Klaus Fischer},
  editor    = {Frank van Harmelen},
  title     = {Avoiding Resource Conflicts in Intelligent Agents},
  booktitle = {Proceedings of the 15th European Conference on Artificial Intelligence,
               ECAI'2002, Lyon, France, July 2002},
  pages     = {18--22},
  publisher = {{IOS} Press},
  year      = {2002},
  timestamp = {Mon, 03 Jan 2022 07:50:19 +0100},
  biburl    = {https://dblp.org/rec/conf/ecai/ThangarajahWPF02.bib},
  bibsource = {dblp computer science bibliography, https://dblp.org}
}
@inproceedings{DBLP:conf/ijcai/ThangarajahPW03,
  author    = {John Thangarajah and
               Lin Padgham and
               Michael Winikoff},
  editor    = {Georg Gottlob and
               Toby Walsh},
  title     = {Detecting {\&} Avoiding Interference Between Goals in Intelligent
               Agents},
  booktitle = {IJCAI-03, Proceedings of the Eighteenth International Joint Conference
               on Artificial Intelligence, Acapulco, Mexico, August 9-15, 2003},
  pages     = {721--726},
  publisher = {Morgan Kaufmann},
  year      = {2003},
  url       = {http://ijcai.org/Proceedings/03/Papers/105.pdf},
  timestamp = {Tue, 20 Aug 2019 16:18:41 +0200},
  biburl    = {https://dblp.org/rec/conf/ijcai/ThangarajahPW03.bib},
  bibsource = {dblp computer science bibliography, https://dblp.org}
}
@inproceedings{DBLP:conf/ijcai/SilvaML20,
  author    = {Lavindra de Silva and
               Felipe Meneguzzi and
               Brian Logan},
  editor    = {Christian Bessiere},
  title     = {{BDI} Agent Architectures: {A} Survey},
  booktitle = {Proceedings of the Twenty-Ninth International Joint Conference on
               Artificial Intelligence, {IJCAI} 2020},
  pages     = {4914--4921},
  publisher = {ijcai.org},
  year      = {2020},
  url       = {https://doi.org/10.24963/ijcai.2020/684},
  doi       = {10.24963/ijcai.2020/684},
  timestamp = {Wed, 08 Dec 2021 09:19:09 +0100},
  biburl    = {https://dblp.org/rec/conf/ijcai/SilvaML20.bib},
  bibsource = {dblp computer science bibliography, https://dblp.org}
}
@inproceedings{Velleman1987IntentionPA,
  title={Intention, Plans, and Practical Reason},
  author={J. David Velleman and Michael E. Bratman},
  year={1987}
}
@book{DBLP:books/daglib/0023784,
  author    = {Michael J. Wooldridge},
  title     = {An Introduction to MultiAgent Systems, Second Edition},
  publisher = {Wiley},
  year      = {2009},
  isbn      = {978-0-470-51946-2},
  timestamp = {Mon, 22 Jul 2019 16:40:55 +0200},
  biburl    = {https://dblp.org/rec/books/daglib/0023784.bib},
  bibsource = {dblp computer science bibliography, https://dblp.org}
}
@article{DBLP:journals/mags/SavarimuthuC11,
  author    = {Bastin Tony Roy Savarimuthu and
               Stephen Cranefield},
  title     = {Norm creation, spreading and emergence: {A} survey of simulation models
               of norms in multi-agent systems},
  journal   = {Multiagent Grid Syst.},
  volume    = {7},
  number    = {1},
  pages     = {21--54},
  year      = {2011},
  url       = {https://doi.org/10.3233/MGS-2011-0167},
  doi       = {10.3233/MGS-2011-0167},
  timestamp = {Thu, 04 Jun 2020 19:39:44 +0200},
  biburl    = {https://dblp.org/rec/journals/mags/SavarimuthuC11.bib},
  bibsource = {dblp computer science bibliography, https://dblp.org}
}
@inproceedings{DBLP:conf/atal/LoganTY17,
  author    = {Brian Logan and
               John Thangarajah and
               Neil Yorke{-}Smith},
  editor    = {Kate Larson and
               Michael Winikoff and
               Sanmay Das and
               Edmund H. Durfee},
  title     = {Progressing Intention Progression: {A} Call for a Goal-Plan Tree Contest},
  booktitle = {Proceedings of the 16th Conference on Autonomous Agents and MultiAgent
               Systems, {AAMAS} 2017, S{\~{a}}o Paulo, Brazil, May 8-12, 2017},
  pages     = {768--772},
  publisher = {{ACM}},
  year      = {2017},
  url       = {http://dl.acm.org/citation.cfm?id=3091234},
  timestamp = {Wed, 08 Dec 2021 09:19:05 +0100},
  biburl    = {https://dblp.org/rec/conf/atal/LoganTY17.bib},
  bibsource = {dblp computer science bibliography, https://dblp.org}
}
@inproceedings{DBLP:conf/atal/YaoL16,
  author    = {Yuan Yao and
               Brian Logan},
  editor    = {Catholijn M. Jonker and
               Stacy Marsella and
               John Thangarajah and
               Karl Tuyls},
  title     = {Action-Level Intention Selection for {BDI} Agents},
  booktitle = {Proceedings of the 2016 International Conference on Autonomous Agents
               {\&} Multiagent Systems, Singapore, May 9-13, 2016},
  pages     = {1227--1236},
  publisher = {{ACM}},
  year      = {2016},
  url       = {http://dl.acm.org/citation.cfm?id=2937103},
  timestamp = {Wed, 08 Dec 2021 09:19:06 +0100},
  biburl    = {https://dblp.org/rec/conf/atal/YaoL16.bib},
  bibsource = {dblp computer science bibliography, https://dblp.org}
}
@inproceedings{DBLP:conf/ecai/YaoLT14,
  author    = {Yuan Yao and
               Brian Logan and
               John Thangarajah},
  editor    = {Torsten Schaub and
               Gerhard Friedrich and
               Barry O'Sullivan},
  title     = {SP-MCTS-based Intention Scheduling for {BDI} Agents},
  booktitle = {{ECAI} 2014 - 21st European Conference on Artificial Intelligence,
               18-22 August 2014, Prague, Czech Republic - Including Prestigious
               Applications of Intelligent Systems {(PAIS} 2014)},
  series    = {Frontiers in Artificial Intelligence and Applications},
  volume    = {263},
  pages     = {1133--1134},
  publisher = {{IOS} Press},
  year      = {2014},
  url       = {https://doi.org/10.3233/978-1-61499-419-0-1133},
  doi       = {10.3233/978-1-61499-419-0-1133},
  timestamp = {Wed, 08 Dec 2021 09:19:08 +0100},
  biburl    = {https://dblp.org/rec/conf/ecai/YaoLT14.bib},
  bibsource = {dblp computer science bibliography, https://dblp.org}
}
@inproceedings{DBLP:conf/ecai/YaoLT16,
  author    = {Yuan Yao and
               Brian Logan and
               John Thangarajah},
  editor    = {Gal A. Kaminka and
               Maria Fox and
               Paolo Bouquet and
               Eyke H{\"{u}}llermeier and
               Virginia Dignum and
               Frank Dignum and
               Frank van Harmelen},
  title     = {Intention Selection with Deadlines},
  booktitle = {{ECAI} 2016 - 22nd European Conference on Artificial Intelligence,
               29 August-2 September 2016, The Hague, The Netherlands - Including
               Prestigious Applications of Artificial Intelligence {(PAIS} 2016)},
  series    = {Frontiers in Artificial Intelligence and Applications},
  volume    = {285},
  pages     = {1700--1701},
  publisher = {{IOS} Press},
  year      = {2016},
  url       = {https://doi.org/10.3233/978-1-61499-672-9-1700},
  doi       = {10.3233/978-1-61499-672-9-1700},
  timestamp = {Wed, 08 Dec 2021 09:19:08 +0100},
  biburl    = {https://dblp.org/rec/conf/ecai/YaoLT16.bib},
  bibsource = {dblp computer science bibliography, https://dblp.org}
}
@inproceedings{DBLP:conf/aaai/YaoLT16,
  author    = {Yuan Yao and
               Brian Logan and
               John Thangarajah},
  editor    = {Dale Schuurmans and
               Michael P. Wellman},
  title     = {Robust Execution of {BDI} Agent Programs by Exploiting Synergies Between
               Intentions},
  booktitle = {Proceedings of the Thirtieth {AAAI} Conference on Artificial Intelligence,
               February 12-17, 2016, Phoenix, Arizona, {USA}},
  pages     = {2558--2565},
  publisher = {{AAAI} Press},
  year      = {2016},
  url       = {http://www.aaai.org/ocs/index.php/AAAI/AAAI16/paper/view/12148},
  timestamp = {Wed, 08 Dec 2021 09:19:06 +0100},
  biburl    = {https://dblp.org/rec/conf/aaai/YaoLT16.bib},
  bibsource = {dblp computer science bibliography, https://dblp.org}
}
@article{Sutton2005ReinforcementLA,
  title={Reinforcement Learning: An Introduction},
  author={Richard S. Sutton and Andrew G. Barto},
  journal={IEEE Transactions on Neural Networks},
  year={2005},
  volume={16},
  pages={285-286}
}
@inproceedings{Yao2016GenGPT,
  title={A package to generate synthetic goal-plan trees.},
  author={Yuan Yao},
  url={https://github.com/yvy714/GenGPT},
  year={2016}
}
@article{DBLP:journals/tciaig/BrownePWLCRTPSC12,
  author    = {Cameron Browne and
               Edward Jack Powley and
               Daniel Whitehouse and
               Simon M. Lucas and
               Peter I. Cowling and
               Philipp Rohlfshagen and
               Stephen Tavener and
               Diego Perez Liebana and
               Spyridon Samothrakis and
               Simon Colton},
  title     = {A Survey of Monte Carlo Tree Search Methods},
  journal   = {{IEEE} Trans. Comput. Intell. {AI} Games},
  volume    = {4},
  number    = {1},
  pages     = {1--43},
  year      = {2012},
  url       = {https://doi.org/10.1109/TCIAIG.2012.2186810},
  doi       = {10.1109/TCIAIG.2012.2186810},
  timestamp = {Wed, 13 May 2020 17:18:27 +0200},
  biburl    = {https://dblp.org/rec/journals/tciaig/BrownePWLCRTPSC12.bib},
  bibsource = {dblp computer science bibliography, https://dblp.org}
}

@article{DBLP:journals/aamas/PechoucekM08,
  author    = {Michal Pechoucek and
               Vladim{\'{\i}}r Mar{\'{\i}}k},
  title     = {Industrial deployment of multi-agent technologies: review and selected
               case studies},
  journal   = {Auton. Agents Multi Agent Syst.},
  volume    = {17},
  number    = {3},
  pages     = {397--431},
  year      = {2008},
  url       = {https://doi.org/10.1007/s10458-008-9050-0},
  doi       = {10.1007/s10458-008-9050-0},
  timestamp = {Thu, 14 Oct 2021 09:12:32 +0200},
  biburl    = {https://dblp.org/rec/journals/aamas/PechoucekM08.bib},
  bibsource = {dblp computer science bibliography, https://dblp.org}
}
@inproceedings{Thangarajah2005ManagingTC,
  title={Managing the Concurrent Execution of Goals in Intelligent Agents},
  author={John Thangarajah},
  year={2005}
}
@inproceedings{DBLP:conf/atal/WatersPS14,
  author    = {Max Waters and
               Lin Padgham and
               Sebastian Sardi{\~{n}}a},
  editor    = {Ana L. C. Bazzan and
               Michael N. Huhns and
               Alessio Lomuscio and
               Paul Scerri},
  title     = {Evaluating coverage based intention selection},
  booktitle = {International conference on Autonomous Agents and Multi-Agent Systems,
               {AAMAS} '14, Paris, France, May 5-9, 2014},
  pages     = {957--964},
  publisher = {{IFAAMAS/ACM}},
  year      = {2014},
  url       = {http://dl.acm.org/citation.cfm?id=2617398},
  timestamp = {Thu, 25 Sep 2014 09:28:51 +0200},
  biburl    = {https://dblp.org/rec/conf/atal/WatersPS14.bib},
  bibsource = {dblp computer science bibliography, https://dblp.org}
}
@inproceedings{DBLP:conf/ijcai/SinghSPJ11,
  author    = {Dhirendra Singh and
               Sebastian Sardi{\~{n}}a and
               Lin Padgham and
               Geoff James},
  editor    = {Toby Walsh},
  title     = {Integrating Learning into a {BDI} Agent for Environments with Changing
               Dynamics},
  booktitle = {{IJCAI} 2011, Proceedings of the 22nd International Joint Conference
               on Artificial Intelligence, Barcelona, Catalonia, Spain, July 16-22,
               2011},
  pages     = {2525--2530},
  publisher = {{IJCAI/AAAI}},
  year      = {2011},
  url       = {https://doi.org/10.5591/978-1-57735-516-8/IJCAI11-420},
  doi       = {10.5591/978-1-57735-516-8/IJCAI11-420},
  timestamp = {Sat, 05 Sep 2020 18:07:15 +0200},
  biburl    = {https://dblp.org/rec/conf/ijcai/SinghSPJ11.bib},
  bibsource = {dblp computer science bibliography, https://dblp.org}
}
@inproceedings{DBLP:conf/aamas/ThangarajahSP12,
  author    = {John Thangarajah and
               Sebastian Sardi{\~{n}}a and
               Lin Padgham},
  editor    = {Wiebe van der Hoek and
               Lin Padgham and
               Vincent Conitzer and
               Michael Winikoff},
  title     = {Measuring plan coverage and overlap for agent reasoning},
  booktitle = {International Conference on Autonomous Agents and Multiagent Systems,
               {AAMAS} 2012, Valencia, Spain, June 4-8, 2012 {(3} Volumes)},
  pages     = {1049--1056},
  publisher = {{IFAAMAS}},
  year      = {2012},
  url       = {http://dl.acm.org/citation.cfm?id=2343847},
  timestamp = {Thu, 19 Mar 2015 17:49:02 +0100},
  biburl    = {https://dblp.org/rec/conf/aamas/ThangarajahSP12.bib},
  bibsource = {dblp computer science bibliography, https://dblp.org}
}
@article{DBLP:journals/aamas/WatersPS15,
  author    = {Max Waters and
               Lin Padgham and
               Sebastian Sardi{\~{n}}a},
  title     = {Improving domain-independent intention selection in {BDI} systems},
  journal   = {Auton. Agents Multi Agent Syst.},
  volume    = {29},
  number    = {4},
  pages     = {683--717},
  year      = {2015},
  url       = {https://doi.org/10.1007/s10458-015-9293-5},
  doi       = {10.1007/s10458-015-9293-5},
  timestamp = {Sat, 05 Sep 2020 17:48:38 +0200},
  biburl    = {https://dblp.org/rec/journals/aamas/WatersPS15.bib},
  bibsource = {dblp computer science bibliography, https://dblp.org}
}
@book{DBLP:books/daglib/0020982,
  author    = {Gerard J. Holzmann},
  title     = {The {SPIN} Model Checker - primer and reference manual},
  publisher = {Addison-Wesley},
  year      = {2004},
  isbn      = {978-0-321-22862-8},
  timestamp = {Thu, 14 Apr 2011 14:43:24 +0200},
  biburl    = {https://dblp.org/rec/books/daglib/0020982.bib},
  bibsource = {dblp computer science bibliography, https://dblp.org}
}
@article{DBLP:journals/jlap/HuangC22,
  author    = {Samuel Huang and
               Rance Cleaveland},
  title     = {A tableau construction for finite linear-time temporal logic},
  journal   = {J. Log. Algebraic Methods Program.},
  volume    = {125},
  pages     = {100743},
  year      = {2022},
  url       = {https://doi.org/10.1016/j.jlamp.2021.100743},
  doi       = {10.1016/j.jlamp.2021.100743},
  timestamp = {Wed, 23 Feb 2022 11:16:02 +0100},
  biburl    = {https://dblp.org/rec/journals/jlap/HuangC22.bib},
  bibsource = {dblp computer science bibliography, https://dblp.org}
}
@article{Krzisch2016,
  author    = {Guilherme Krzisch and
               Felipe Meneguzzi},
  title     = {Planning in a normative system},
  year      = {2016},
}
@article{DBLP:journals/corr/PaxtonRHK17,
  author    = {Chris Paxton and
               Vasumathi Raman and
               Gregory D. Hager and
               Marin Kobilarov},
  title     = {Combining Neural Networks and Tree Search for Task and Motion Planning
               in Challenging Environments},
  journal   = {CoRR},
  volume    = {abs/1703.07887},
  year      = {2017},
  url       = {http://arxiv.org/abs/1703.07887},
  eprinttype = {arXiv},
  eprint    = {1703.07887},
  timestamp = {Mon, 13 Aug 2018 16:47:59 +0200},
  biburl    = {https://dblp.org/rec/journals/corr/PaxtonRHK17.bib},
  bibsource = {dblp computer science bibliography, https://dblp.org}
}
@inproceedings{DBLP:conf/time/0001KPW22,
  author    = {Julian Gutierrez and
               Sarit Kraus and
               Giuseppe Perelli and
               Michael J. Wooldridge},
  editor    = {Alexander Artikis and
               Roberto Posenato and
               Stefano Tonetta},
  title     = {Giving Instructions in Linear Temporal Logic},
  booktitle = {29th International Symposium on Temporal Representation and Reasoning,
               {TIME} 2022, November 7-9, 2022, Virtual Conference},
  series    = {LIPIcs},
  volume    = {247},
  pages     = {15:1--15:14},
  publisher = {Schloss Dagstuhl - Leibniz-Zentrum f{\"{u}}r Informatik},
  year      = {2022},
  url       = {https://doi.org/10.4230/LIPIcs.TIME.2022.15},
  doi       = {10.4230/LIPIcs.TIME.2022.15},
  timestamp = {Wed, 02 Nov 2022 17:20:59 +0100},
  biburl    = {https://dblp.org/rec/conf/time/0001KPW22.bib},
  bibsource = {dblp computer science bibliography, https://dblp.org}
}
@inproceedings{DBLP:conf/atal/DastaniRW11,
  author    = {Mehdi Dastani and
               M. Birna van Riemsdijk and
               Michael Winikoff},
  editor    = {Liz Sonenberg and
               Peter Stone and
               Kagan Tumer and
               Pinar Yolum},
  title     = {Rich goal types in agent programming},
  booktitle = {10th International Conference on Autonomous Agents and Multiagent
               Systems {(AAMAS} 2011), Taipei, Taiwan, May 2-6, 2011, Volume 1-3},
  pages     = {405--412},
  publisher = {{IFAAMAS}},
  year      = {2011},
  url       = {http://portal.acm.org/citation.cfm?id=2030530\&CFID=69153967\&CFTOKEN=38069692},
  timestamp = {Fri, 18 Nov 2011 10:23:00 +0100},
  biburl    = {https://dblp.org/rec/conf/atal/DastaniRW11.bib},
  bibsource = {dblp computer science bibliography, https://dblp.org}
}
@inproceedings{DBLP:conf/ecai/ThangarajahHMY14,
  author    = {John Thangarajah and
               James Harland and
               David N. Morley and
               Neil Yorke{-}Smith},
  editor    = {Torsten Schaub and
               Gerhard Friedrich and
               Barry O'Sullivan},
  title     = {Quantifying the Completeness of Goals in {BDI} Agent Systems},
  booktitle = {{ECAI} 2014 - 21st European Conference on Artificial Intelligence,
               18-22 August 2014, Prague, Czech Republic - Including Prestigious
               Applications of Intelligent Systems {(PAIS} 2014)},
  series    = {Frontiers in Artificial Intelligence and Applications},
  volume    = {263},
  pages     = {879--884},
  publisher = {{IOS} Press},
  year      = {2014},
  url       = {https://doi.org/10.3233/978-1-61499-419-0-879},
  doi       = {10.3233/978-1-61499-419-0-879},
  timestamp = {Mon, 16 Sep 2019 15:29:52 +0200},
  biburl    = {https://dblp.org/rec/conf/ecai/ThangarajahHMY14.bib},
  bibsource = {dblp computer science bibliography, https://dblp.org}
}
@inproceedings{DBLP:conf/atal/DuffHT06,
  author    = {Simon Duff and
               James Harland and
               John Thangarajah},
  editor    = {Hideyuki Nakashima and
               Michael P. Wellman and
               Gerhard Weiss and
               Peter Stone},
  title     = {On proactivity and maintenance goals},
  booktitle = {5th International Joint Conference on Autonomous Agents and Multiagent
               Systems {(AAMAS} 2006), Hakodate, Japan, May 8-12, 2006},
  pages     = {1033--1040},
  publisher = {{ACM}},
  year      = {2006},
  url       = {https://doi.org/10.1145/1160633.1160817},
  doi       = {10.1145/1160633.1160817},
  timestamp = {Tue, 08 Mar 2022 10:12:47 +0100},
  biburl    = {https://dblp.org/rec/conf/atal/DuffHT06.bib},
  bibsource = {dblp computer science bibliography, https://dblp.org}
}
@inproceedings{DBLP:conf/dalt/HindriksR07,
  author    = {Koen V. Hindriks and
               M. Birna van Riemsdijk},
  editor    = {Matteo Baldoni and
               Tran Cao Son and
               M. Birna van Riemsdijk and
               Michael Winikoff},
  title     = {Satisfying Maintenance Goals},
  booktitle = {Declarative Agent Languages and Technologies V, 5th International
               Workshop, {DALT} 2007, Honolulu, HI, USA, May 14, 2007, Revised Selected
               and Invited Papers},
  series    = {Lecture Notes in Computer Science},
  volume    = {4897},
  pages     = {86--103},
  publisher = {Springer},
  year      = {2007},
  url       = {https://doi.org/10.1007/978-3-540-77564-5\_6},
  doi       = {10.1007/978-3-540-77564-5\_6},
  timestamp = {Mon, 03 Jan 2022 22:22:03 +0100},
  biburl    = {https://dblp.org/rec/conf/dalt/HindriksR07.bib},
  bibsource = {dblp computer science bibliography, https://dblp.org}
}
@inproceedings{DBLP:conf/ijcai/Yao20,
  author    = {Yuan Yao and
               Natasha Alechina and
               Brian Logan and
               John Thangarajah},
  editor    = {Christian Bessiere},
  title     = {Intention Progression under Uncertainty},
  booktitle = {Proceedings of the Twenty-Ninth International Joint Conference on
               Artificial Intelligence, {IJCAI} 2020},
  pages     = {10--16},
  publisher = {ijcai.org},
  year      = {2020},
  url       = {https://doi.org/10.24963/ijcai.2020/2},
  doi       = {10.24963/ijcai.2020/2},
  timestamp = {Mon, 03 Jan 2022 22:38:57 +0100},
  biburl    = {https://dblp.org/rec/conf/ijcai/0007ALT20.bib},
  bibsource = {dblp computer science bibliography, https://dblp.org}
}
@inproceedings{DBLP:conf/aiide/ChaslotBSS08,
  author    = {Guillaume Chaslot and
               Sander Bakkes and
               Istvan Szita and
               Pieter Spronck},
  editor    = {Christian Darken and
               Michael Mateas},
  title     = {Monte-Carlo Tree Search: {A} New Framework for Game {AI}},
  booktitle = {Proceedings of the Fourth Artificial Intelligence and Interactive
               Digital Entertainment Conference, October 22-24, 2008, Stanford, California,
               {USA}},
  publisher = {The {AAAI} Press},
  year      = {2008},
  url       = {http://www.aaai.org/Library/AIIDE/2008/aiide08-036.php},
  timestamp = {Wed, 10 Feb 2021 22:01:13 +0100},
  biburl    = {https://dblp.org/rec/conf/aiide/ChaslotBSS08.bib},
  bibsource = {dblp computer science bibliography, https://dblp.org}
}
@article{DBLP:journals/kbs/SchaddWTU12,
  author    = {Maarten P. D. Schadd and
               Mark H. M. Winands and
               Mandy J. W. Tak and
               Jos W. H. M. Uiterwijk},
  title     = {Single-player Monte-Carlo tree search for SameGame},
  journal   = {Knowl. Based Syst.},
  volume    = {34},
  pages     = {3--11},
  year      = {2012},
  url       = {https://doi.org/10.1016/j.knosys.2011.08.008},
  doi       = {10.1016/j.knosys.2011.08.008},
  timestamp = {Sat, 09 Apr 2022 12:26:13 +0200},
  biburl    = {https://dblp.org/rec/journals/kbs/SchaddWTU12.bib},
  bibsource = {dblp computer science bibliography, https://dblp.org}
}
@article{DBLP:journals/ci/DuffTH14,
  author    = {Simon Duff and
               John Thangarajah and
               James Harland},
  title     = {Maintenance Goals in Intelligent Agents},
  journal   = {Comput. Intell.},
  volume    = {30},
  number    = {1},
  pages     = {71--114},
  year      = {2014},
  url       = {https://doi.org/10.1111/coin.12000},
  doi       = {10.1111/coin.12000},
  timestamp = {Sun, 15 Mar 2020 19:44:36 +0100},
  biburl    = {https://dblp.org/rec/journals/ci/DuffTH14.bib},
  bibsource = {dblp computer science bibliography, https://dblp.org}
}
@inproceedings{DBLP:conf/atal/ThangarajahHY15,
  author    = {John Thangarajah and
               James Harland and
               Neil Yorke{-}Smith},
  editor    = {Gerhard Weiss and
               Pinar Yolum and
               Rafael H. Bordini and
               Edith Elkind},
  title     = {Estimating the Progress of Maintenance Goals},
  booktitle = {Proceedings of the 2015 International Conference on Autonomous Agents
               and Multiagent Systems, {AAMAS} 2015, Istanbul, Turkey, May 4-8, 2015},
  pages     = {1645--1646},
  publisher = {{ACM}},
  year      = {2015},
  url       = {http://dl.acm.org/citation.cfm?id=2773365},
  timestamp = {Tue, 08 Mar 2022 10:12:47 +0100},
  biburl    = {https://dblp.org/rec/conf/atal/ThangarajahHY15.bib},
  bibsource = {dblp computer science bibliography, https://dblp.org}
}
@inproceedings{DBLP:conf/aaai/TelangSY21,
  author    = {Pankaj R. Telang and
               Munindar P. Singh and
               Neil Yorke{-}Smith},
  title     = {Maintenance of Social Commitments in Multiagent Systems},
  booktitle = {Thirty-Fifth {AAAI} Conference on Artificial Intelligence, {AAAI}
               2021, Thirty-Third Conference on Innovative Applications of Artificial
               Intelligence, {IAAI} 2021, The Eleventh Symposium on Educational Advances
               in Artificial Intelligence, {EAAI} 2021, Virtual Event, February 2-9,
               2021},
  pages     = {11369--11377},
  publisher = {{AAAI} Press},
  year      = {2021},
  url       = {https://ojs.aaai.org/index.php/AAAI/article/view/17355},
  timestamp = {Thu, 23 Jun 2022 19:56:42 +0200},
  biburl    = {https://dblp.org/rec/conf/aaai/TelangSY21.bib},
  bibsource = {dblp computer science bibliography, https://dblp.org}
}

@incollection{DBLP:books/sp/map2005/Winikoff05,
  author    = {Michael Winikoff},
  editor    = {Rafael H. Bordini and
               Mehdi Dastani and
               J{\"{u}}rgen Dix and
               Amal El Fallah Seghrouchni},
  title     = {JACK\({}^{\mbox{TM}}\) Intelligent Agents: An Industrial Strength
               Platform},
  booktitle = {Multi-Agent Programming: Languages, Platforms and Applications},
  series    = {Multiagent Systems, Artificial Societies, and Simulated Organizations},
  volume    = {15},
  pages     = {175--193},
  publisher = {Springer},
  year      = {2005},
  timestamp = {Wed, 12 Aug 2020 21:55:15 +0200},
  biburl    = {https://dblp.org/rec/books/sp/map2005/Winikoff05.bib},
  bibsource = {dblp computer science bibliography, https://dblp.org}
}

@inproceedings{DBLP:conf/atal/AldewereldDGNRS06,
  author    = {Huib Aldewereld and
               Frank Dignum and
               Andr{\'{e}}s Garc{\'{\i}}a{-}Camino and
               Pablo Noriega and
               Juan A. Rodr{\'{\i}}guez{-}Aguilar and
               Carles Sierra},
  editor    = {Hideyuki Nakashima and
               Michael P. Wellman and
               Gerhard Weiss and
               Peter Stone},
  title     = {Operationalisation of norms for usage in electronic institutions},
  booktitle = {5th International Joint Conference on Autonomous Agents and Multiagent
               Systems {(AAMAS} 2006), Hakodate, Japan, May 8-12, 2006},
  pages     = {223--225},
  publisher = {{ACM}},
  year      = {2006},
  url       = {https://doi.org/10.1145/1160633.1160669},
  doi       = {10.1145/1160633.1160669},
  timestamp = {Tue, 08 Mar 2022 10:12:47 +0100},
  biburl    = {https://dblp.org/rec/conf/atal/AldewereldDGNRS06.bib},
  bibsource = {dblp computer science bibliography, https://dblp.org}
}
@inproceedings{DBLP:conf/atal/GrossiAD06,
  author    = {Davide Grossi and
               Huib Aldewereld and
               Frank Dignum},
  editor    = {Pablo Noriega and
               Javier V{\'{a}}zquez{-}Salceda and
               Guido Boella and
               Olivier Boissier and
               Virginia Dignum and
               Nicoletta Fornara and
               Eric Matson},
  title     = {\emph{Ubi Lex, Ibi Poena} : Designing Norm Enforcement in E-Institutions},
  booktitle = {Coordination, Organizations, Institutions, and Norms in Agent Systems
               {II} - {AAMAS} 2006 and {ECAI} 2006 International Workshops, {COIN}
               2006 Hakodate, Japan, May 9, 2006 Riva del Garda, Italy, August 28,
               2006. Revised Selected Papers},
  series    = {Lecture Notes in Computer Science},
  volume    = {4386},
  pages     = {101--114},
  publisher = {Springer},
  year      = {2006},
  url       = {https://doi.org/10.1007/978-3-540-74459-7\_7},
  doi       = {10.1007/978-3-540-74459-7\_7},
  timestamp = {Thu, 14 Oct 2021 09:46:50 +0200},
  biburl    = {https://dblp.org/rec/conf/atal/GrossiAD06.bib},
  bibsource = {dblp computer science bibliography, https://dblp.org}
}
@inproceedings{DBLP:conf/kr/RaoG91,
  author    = {Anand S. Rao and
               Michael P. Georgeff},
  editor    = {James F. Allen and
               Richard Fikes and
               Erik Sandewall},
  title     = {Modeling Rational Agents within a BDI-Architecture},
  booktitle = {Proceedings of the 2nd International Conference on Principles of Knowledge
               Representation and Reasoning (KR'91). Cambridge, MA, USA, April 22-25,
               1991},
  pages     = {473--484},
  publisher = {Morgan Kaufmann},
  year      = {1991},
  timestamp = {Fri, 18 May 2012 15:02:59 +0200},
  biburl    = {https://dblp.org/rec/conf/kr/RaoG91.bib},
  bibsource = {dblp computer science bibliography, https://dblp.org}
}
@incollection{DBLP:books/sp/map2005/BellifemineBCP05,
  author    = {Fabio Bellifemine and
               Federico Bergenti and
               Giovanni Caire and
               Agostino Poggi},
  editor    = {Rafael H. Bordini and
               Mehdi Dastani and
               J{\"{u}}rgen Dix and
               Amal El Fallah Seghrouchni},
  title     = {{JADE} - {A} Java Agent Development Framework},
  booktitle = {Multi-Agent Programming: Languages, Platforms and Applications},
  series    = {Multiagent Systems, Artificial Societies, and Simulated Organizations},
  volume    = {15},
  pages     = {125--147},
  publisher = {Springer},
  year      = {2005},
  timestamp = {Wed, 12 Aug 2020 21:55:15 +0200},
  biburl    = {https://dblp.org/rec/books/sp/map2005/BellifemineBCP05.bib},
  bibsource = {dblp computer science bibliography, https://dblp.org}
}
@inproceedings{DBLP:conf/agents/Huber99,
  author    = {Marcus J. Huber},
  editor    = {Oren Etzioni and
               J{\"{o}}rg P. M{\"{u}}ller and
               Jeffrey M. Bradshaw},
  title     = {{JAM:} {A} BDI-Theoretic Mobile Agent Architecture},
  booktitle = {Proceedings of the Third Annual Conference on Autonomous Agents, {AGENTS}
               1999, Seattle, WA, USA, May 1-5, 1999},
  pages     = {236--243},
  publisher = {{ACM}},
  year      = {1999},
  url       = {https://doi.org/10.1145/301136.301202},
  doi       = {10.1145/301136.301202},
  timestamp = {Tue, 06 Nov 2018 11:07:01 +0100},
  biburl    = {https://dblp.org/rec/conf/agents/Huber99.bib},
  bibsource = {dblp computer science bibliography, https://dblp.org}
}